<record><leader>00000cas a22000007a 4500</leader><controlfield tag="001">9313760</controlfield><controlfield tag="008">830316d18721936mauwr ne      0    0eng d</controlfield><controlfield tag="009">3768</controlfield><datafield ind1=" " ind2=" " tag="010"><subfield code="a">sn 83020242 </subfield></datafield><datafield ind1=" " ind2=" " tag="040"><subfield code="a">NPX</subfield><subfield code="b">eng</subfield><subfield code="c">NPX</subfield><subfield code="d">NPU</subfield><subfield code="d">DLC</subfield><subfield code="d">MGN</subfield></datafield><datafield ind1="1" ind2=" " tag="029"><subfield code="a">AU@</subfield><subfield code="b">000025789209</subfield></datafield><datafield ind1=" " ind2=" " tag="042"><subfield code="a">msc</subfield></datafield><datafield ind1="0" ind2="0" tag="050"><subfield code="a">Newspaper 8302</subfield></datafield><datafield ind1="0" ind2=" " tag="130"><subfield code="a">Ipswich chronicle (Ipswich, Mass. : 1872)</subfield></datafield><datafield ind1="0" ind2="4" tag="245"><subfield code="a">The Ipswich chronicle.</subfield></datafield><datafield ind1=" " ind2=" " tag="260"><subfield code="a">Ipswich, Mass. :</subfield><subfield code="b">Davenport &amp; Goodwin,</subfield></datafield><datafield ind1=" " ind2=" " tag="300"><subfield code="a">v.</subfield></datafield><datafield ind1=" " ind2=" " tag="310"><subfield code="a">Weekly</subfield></datafield><datafield ind1="0" ind2=" " tag="362"><subfield code="a">Vol. 1, no. 1 (Mar. 16, 1872)-v. 66, no. 35 (Sept. 4, 1936).</subfield></datafield><datafield ind1=" " ind2=" " tag="752"><subfield code="a">United States</subfield><subfield code="b">Massachusetts</subfield><subfield code="c">Essex</subfield><subfield code="d">Ipswich.</subfield></datafield><datafield ind1="0" ind2=" " tag="775"><subfield code="t">People's choice (Ipswich, Mass.)</subfield><subfield code="w">(DLC)sn 94055635</subfield></datafield><datafield ind1="0" ind2="0" tag="780"><subfield code="t">Ipswich advance</subfield><subfield code="w">(DLC)sn 94055818</subfield></datafield><datafield ind1="0" ind2="0" tag="785"><subfield code="t">Ipswich news and chronicle</subfield><subfield code="w">(DLC)sn 89062242</subfield></datafield></record>